<?xml version="1.0" encoding="UTF-8"?><record xmlns="http://www.loc.gov/MARC21/slim" xmlns:cinclude="http://apache.org/cocoon/include/1.0" xmlns:zs="http://www.loc.gov/zing/srw/">
  <leader>00352nz  a2200133n  4500</leader>
  <controlfield tag="001">no2008096976</controlfield>
  <controlfield tag="003">DLC</controlfield>
  <controlfield tag="005">20080704081132.0</controlfield>
  <controlfield tag="008">080702n| acannaabn          |n aaa     c</controlfield>
  <datafield tag="010" ind1=" " ind2=" ">
    <subfield code="a">no2008096976</subfield>
  </datafield>
  <datafield tag="035" ind1=" " ind2=" ">
    <subfield code="a">(OCoLC)oca07810867</subfield>
  </datafield>
  <datafield tag="040" ind1=" " ind2=" ">
    <subfield code="a">RPB-NP</subfield>
    <subfield code="b">eng</subfield>
    <subfield code="c">RPB-NP</subfield>
  </datafield>
  <datafield tag="100" ind1="1" ind2=" ">
    <subfield code="a">Weinert, Steffen</subfield>
  </datafield>
  <datafield tag="670" ind1=" " ind2=" ">
    <subfield code="a">XXY, c2008:</subfield>
    <subfield code="b">cast credits (Steffen Weinert, director)</subfield>
  </datafield>
</record>